<record><leader>00000cas a22000007a 4500</leader><controlfield tag="001">10501714</controlfield><controlfield tag="008">840309d18711900pauwr ne      0    0eng d</controlfield><datafield ind1=" " ind2=" " tag="010"><subfield code="a">sn 84026572 </subfield></datafield><datafield ind1=" " ind2=" " tag="040"><subfield code="a">NPU</subfield><subfield code="b">eng</subfield><subfield code="c">NPU</subfield><subfield code="d">NPX</subfield><subfield code="d">NPH</subfield><subfield code="d">MFN</subfield><subfield code="d">OCLCQ</subfield></datafield><datafield ind1=" " ind2=" " tag="042"><subfield code="a">msc</subfield></datafield><datafield ind1="0" ind2=" " tag="130"><subfield code="a">Waynesboro' village record (Waynesboro, Pa. : 1871)</subfield></datafield><datafield ind1="1" ind2="4" tag="245"><subfield code="a">The Waynesboro' village record.</subfield></datafield><datafield ind1="1" ind2="3" tag="246"><subfield code="a">Village record</subfield></datafield><datafield ind1=" " ind2=" " tag="260"><subfield code="a">Waynesboro', Pa. :</subfield><subfield code="b">W. Blair</subfield></datafield><datafield ind1=" " ind2=" " tag="300"><subfield code="a">v.</subfield></datafield><datafield ind1=" " ind2=" " tag="310"><subfield code="a">Weekly</subfield></datafield><datafield ind1="0" ind2=" " tag="362"><subfield code="a">Vol. 24, no. 1 (June 29, 1871)-v. 54, no. 21 (Nov. 22, 1900).</subfield></datafield><datafield ind1=" " ind2=" " tag="752"><subfield code="a">United States</subfield><subfield code="b">Pennsylvania</subfield><subfield code="c">Franklin</subfield><subfield code="d">Waynesboro.</subfield></datafield><datafield ind1="0" ind2="0" tag="780"><subfield code="t">Village record (Waynesboro, Pa. : 1863)</subfield><subfield code="w">(DLC)sn 88079228</subfield></datafield><datafield ind1="0" ind2="7" tag="785"><subfield code="t">Keystone gazette</subfield><subfield code="w">(DLC)sn 89077210</subfield></datafield><datafield ind1="0" ind2="7" tag="785"><subfield code="t">Waynesboro record</subfield><subfield code="w">(DLC)sn 86081697</subfield></datafield></record>